@BOOK{braun:scala,
  AUTHOR = {Braun, Oliver},
  	YEAR = {2010},
  	TITLE = {Scala - Objekt-funktionale Programmierung},
  	EDITION = {},
  	ISBN = {978-3-446-42399-2},
  	PUBLISHER = {Hanser Fachbuchverlag},
  	ADDRESS = {MÃ¼nchen},
}

@online{fab:vorlage,
author = {P1tt187},
title = {LaTeX-Template-Thesis},
year={2012},
month={09},
day={12},
url = {https://github.com/P1tt187/LaTeX-Template-Thesis},
language = {Deutsch},
}
